% Here goes your bibtex info

@book{forEnterprises,
    author = {John, Tomcy and Misra, Pankaj},
    title = {Data Lake for Enterprises: Lambda Architecture for Building Enterprise Data Systems},
    year = {2017},
    isbn = {1787281345},
    publisher = {Packt Publishing}
}

@book{http,
    author = {David Gourley, Brian Totty, Marjorie Sayer},
    title = {HTTP: The Definitive Guide: The Definitive Guide (Definitive Guides)},
    year = {2002},
    isbn = {1565925092},
    publisher = {O'Reilly Media}
}

@misc{axios,
    title     = "Official Axios NPM Documentation",
    url       = "https://www.npmjs.com/package/axios"
}

@book{reactjs,
author = {Fedosejev, Artemij},
title = {React.Js Essentials},
year = {2016},
isbn = {1783551623},
publisher = {Packt Publishing}
}

@book{mysql,
author = {Ullman, Larry},
title = {MySQL, Second Edition (Visual QuickStart Guide)},
year = {2006},
isbn = {0321375734},
publisher = {Peachpit Press},
address = {USA}
}

@book{spring,
author = {Johnson, Rod and Hoeller, Juergen and Arendsen, Alef and Risberg, Thomas and Kopylenko, Dmitriy},
title = {Professional Java Development with the Spring Framework},
year = {2005},
isbn = {0764574833},
publisher = {Wrox Press Ltd.},
address = {GBR}
}

@book{material,
author = {Kotaru, V. Keerti},
title = {Material Design Implementation with AngularJS: UI Component Framework},
year = {2016},
isbn = {1484221893},
publisher = {Apress},
address = {USA},
edition = {1st}
}

@inproceedings{swagger,
author = {Koren, Istv\'{a}n and Klamma, Ralf},
title = {The Exploitation of OpenAPI Documentation for the Generation of Web Frontends},
year = {2018},
isbn = {9781450356404},
publisher = {International World Wide Web Conferences Steering Committee},
address = {Republic and Canton of Geneva, CHE},
url = {https://doi.org/10.1145/3184558.3188740},
doi = {10.1145/3184558.3188740},
booktitle = {Companion Proceedings of the The Web Conference 2018},
pages = {781â€“787},
numpages = {7},
keywords = {openapi, ifml, web components, interaction design},
location = {Lyon, France},
series = {WWW '18}
}

@book{authorization,
author = {Wheeler, Willie and White, Joshua},
title = {Spring in Practice},
year = {2013},
isbn = {1935182056},
publisher = {Manning Publications Co.},
address = {USA},
edition = {1st}
}